@article{Sutton1988Learning,
  author = {Sutton, R. S.},
  title = {{Learning to Predict by the Methods of Temporal Differences}},
  journal = {Machine Learning},
  volume = {3},
  number = {1},
  year = {1988},
  pages = {9--44},
} 

@book{Sutton1998Introduction,
  author = {Sutton, R. S. and Barto, A. G.},
  title = {{Introduction to Reinforcement Learning}},
  year = {1998},
  publisher = {MIT Press},
} 

@article{Tesauro1994TDGammon,
  author = {Tesauro, G.},
  title = {{TD-Gammon, a Self-teaching Backgammon Program, Achieves Master-level Play}},
  journal = {Neural Computation},
  volume = {6},
  number = {2},
  year = {1994},
  pages = {215--219}
} 

@article{Baxter2000Learning,
  author = {Baxter, J. and Tridgell, A. and Weaver, L.},
  title = {{Learning to Play Chess Using Temporal Differences}},
  journal = {Machine Learning},
  volume = {40},
  number = {3},
  year = {2000},
  pages = {243--263},
} 

@article{Silver2016Mastering,
  title = {{Mastering the game of Go with deep neural networks and tree search}},
  author  = {Silver, D. and Huang, A. and Maddison, C. J. and Guez, A. and Sifre, L. and van den Driessche, G. and Schrittwieser, J. and Antonoglou, I. and Panneershelvam, V. and Lanctot, M. and Dieleman, S. and Grewe, D. and Nham, J. and Kalchbrenner, N. and Sutskever, I. and Lillicrap, T. and Leach, M. and Kavukcuoglu, K. and Graepel, T. and Hassabis, D.},
  year  = {2016},
  journal = {Nature},
  pages = {484--503},
  volume  = {529}
}

@article{silver2017mastering,
  title={Mastering the game of go without human knowledge},
  author={Silver, David and Schrittwieser, Julian and Simonyan, Karen and Antonoglou, Ioannis and Huang, Aja and Guez, Arthur and Hubert, Thomas and Baker, Lucas and Lai, Matthew and Bolton, Adrian and others},
  journal={Nature},
  volume={550},
  number={7676},
  pages={354},
  year={2017},
}

@misc{wiki:Qlearning,
    title =        "{Q-learning --- {W}ikipedia{,} The Free Encyclopedia}",
    url = "\url{https://en.wikipedia.org/wiki/Q-learning}",
    howpublished = "[online]",
    year =         "2018",
}